%% This BibTeX bibliography file was created using BibDesk.
%% http://bibdesk.sourceforge.net/


%% Created for Galyardt at 2014-08-21 22:49:39 -0400 


%% Saved with string encoding Unicode (UTF-8) 
@article{smyth:2001,
	title={Exact and approximate REML for heteroscedastic regression},
	author={Smyth, Gordon K and Huele, A Frederik and Verbyla, Ar{\=u}nas P},
	journal={Statistical modelling},
	volume={1},
	number={3},
	pages={161--175},
	year={2001},
	publisher={Sage Publications Sage CA: Thousand Oaks, CA}
}
@book{jorgensen:1997,
	title={The theory of dispersion models},
	author={Jorgensen, Bent},
	year={1997},
	publisher={CRC Press}
}

@article{wuethrich:2021,
	title={Statistical foundations of actuarial learning and its applications},
	author={W\"uthrich, Mario V and Merz, Michael},
	journal={SSRN},
	number={3822407},
	year={2021}
}


@article{smyth:1999,
	title={Adjusted likelihood methods for modelling dispersion in generalized linear models},
	author={Smyth, Gordon K and Verbyla, Ar{\=u}nas P},
	journal={Environmetrics: The official journal of the International Environmetrics Society},
	volume={10},
	number={6},
	pages={695--709},
	year={1999},
	publisher={Wiley Online Library}
}

@article{meinshausen:2010,
	title={Stability selection},
	author={Meinshausen, Nicolai and B{\"u}hlmann, Peter},
	journal={Journal of the Royal Statistical Society: Series B (Statistical Methodology)},
	volume={72},
	number={4},
	pages={417--473},
	year={2010},
	publisher={Wiley Online Library}
}

@article{friedman:2000,
	title={Additive logistic regression: a statistical view of boosting (with discussion and a rejoinder by the authors)},
	author={Friedman, Jerome and Hastie, Trevor and Tibshirani, Robert and others},
	journal={Annals of statistics},
	volume={28},
	number={2},
	pages={337--407},
	year={2000},
	publisher={Institute of Mathematical Statistics}
}

@article{buehlmann:2003,
	title={Boosting with the L 2 loss: regression and classification},
	author={B{\"u}hlmann, Peter and Yu, Bin},
	journal={Journal of the American Statistical Association},
	volume={98},
	number={462},
	pages={324--339},
	year={2003},
	publisher={Taylor \& Francis}
}

@article{rigby:2005,
	title={Generalized additive models for location, scale and shape},
	author={Rigby, Robert A and Stasinopoulos, D Mikis},
	journal={Journal of the Royal Statistical Society: Series C (Applied Statistics)},
	volume={54},
	number={3},
	pages={507--554},
	year={2005},
	publisher={Wiley Online Library}
}

@article{thomas:2018,
	title={Gradient boosting for distributional regression: faster tuning and improved variable selection via noncyclical updates},
	author={Thomas, Janek and Mayr, Andreas and Bischl, Bernd and Schmid, Matthias and Smith, Adam and Hofner, Benjamin},
	journal={Statistics and Computing},
	volume={28},
	number={3},
	pages={673--687},
	year={2018},
	publisher={Springer}
}

@article{hothorn:2010,
	author  = {Torsten Hothorn and Peter B{{\"u}}hlmann and Thomas Kneib and Matthias Schmid and Benjamin Hofner},
	title   = {Model-based Boosting 2.0},
	journal = {Journal of Machine Learning Research},
	year    = {2010},
	volume  = {11},
	number  = {71},
	pages   = {2109-2113},
	url     = {http://jmlr.org/papers/v11/hothorn10a.html}
}

@article{mayr:2012,
	title={Generalized additive models for location, scale and shape for high dimensional dataâ€”a flexible approach based on boosting},
	author={Mayr, Andreas and Fenske, Nora and Hofner, Benjamin and Kneib, Thomas and Schmid, Matthias},
	journal={Journal of the Royal Statistical Society: Series C (Applied Statistics)},
	volume={61},
	number={3},
	pages={403--427},
	year={2012},
	publisher={Wiley Online Library}
}


